<record xmlns='http://www.loc.gov/MARC21/slim'
><leader
  >02394ntm a2200433Ii 4500</leader
  ><controlfield tag='001'
  >991058321305406011</controlfield
  ><controlfield tag='005'
  >20220606095414.0</controlfield
  ><controlfield tag='008'
  >220606q11251175it            000 0 eng d</controlfield
  ><datafield ind1=' ' ind2=' ' tag='035'
  ><subfield code='a'
    >(OCoLC)1325198533h</subfield
    ></datafield
  ><datafield ind1=' ' ind2=' ' tag='035'
  ><subfield code='a'
    >(OCoLC)on1325198533h</subfield
    ></datafield
  ><datafield ind1=' ' ind2=' ' tag='040'
  ><subfield code='a'
    >HRH</subfield
    ><subfield code='b'
    >eng</subfield
    ><subfield code='e'
    >dcrmmss</subfield
    ><subfield code='c'
    >HRH</subfield
    ><subfield code='d'
    >HRH</subfield
    ></datafield
  ><datafield ind1=' ' ind2=' ' tag='041'
  ><subfield code='a'
    >lat</subfield
    ></datafield
  ><datafield ind1=' ' ind2=' ' tag='049'
  ><subfield code='a'
    >HRHH</subfield
    ></datafield
  ><datafield ind1=' ' ind2='9' tag='099'
  ><subfield code='a'
    >MS 3327, Container 116</subfield
    ></datafield
  ><datafield ind1='0' ind2='0' tag='245'
  ><subfield code='a'
    >Forty homilies on the Gospels :</subfield
    ><subfield code='k'
    >manuscript.</subfield
    ></datafield
  ><datafield ind1=' ' ind2='0' tag='264'
  ><subfield code='a'
    >Italy ;</subfield
    ><subfield code='c'
    >between 1125 and 1175</subfield
    ></datafield
  ><datafield ind1=' ' ind2=' ' tag='300'
  ><subfield code='a'
    >141 leaves :</subfield
    ><subfield code='b'
    >parchment,</subfield
    ><subfield code='c'
    >29 x 16 cm</subfield
    ></datafield
  ><datafield ind1=' ' ind2=' ' tag='336'
  ><subfield code='a'
    >text</subfield
    ><subfield code='b'
    >txt</subfield
    ><subfield code='2'
    >rdacontent</subfield
    ></datafield
  ><datafield ind1=' ' ind2=' ' tag='337'
  ><subfield code='a'
    >unmediated</subfield
    ><subfield code='b'
    >n</subfield
    ><subfield code='2'
    >rdamedia</subfield
    ></datafield
  ><datafield ind1=' ' ind2=' ' tag='338'
  ><subfield code='a'
    >volume</subfield
    ><subfield code='b'
    >nc</subfield
    ><subfield code='2'
    >rdacarrier</subfield
    ></datafield
  ><datafield ind1=' ' ind2=' ' tag='500'
  ><subfield code='a'
    >Title devised by cataloger.</subfield
    ></datafield
  ><datafield ind1=' ' ind2=' ' tag='500'
  ><subfield code='a'
    >Decoration includes thirteen initials decorated with animals, dragons, heads, etc. inhabiting early white vine-stem decoration with red, blue, green, and yellow; another thirty uninhabited initials.</subfield
    ></datafield
  ><datafield ind1=' ' ind2=' ' tag='500'
  ><subfield code='a'
    >Layout in two columns of 38 lines, ruled in drypoint.</subfield
    ></datafield
  ><datafield ind1=' ' ind2=' ' tag='500'
  ><subfield code='a'
    >Romanesque script</subfield
    ></datafield
  ><datafield ind1=' ' ind2=' ' tag='506'
  ><subfield code='a'
    >Unrestricted in reading room, but coach user: detached at lower hinge; available for classroom use in exhibit case only.</subfield
    ></datafield
  ><datafield ind1=' ' ind2=' ' tag='581'
  ><subfield code='a'
    >Hill, Susan Elizabeth. Manuscript description, 1985.</subfield
    ></datafield
  ><datafield ind1=' ' ind2=' ' tag='581'
  ><subfield code='a'
    >Yeager, Michael. Manuscript description, 1989.</subfield
    ></datafield
  ><datafield ind1=' ' ind2=' ' tag='590'
  ><subfield code='a'
    >MS 3327, Container 116: Belonged to Abbe Luigi Celotti (circa 1789-circa 1846); Rev. Henry Drury (1778-1841); Sir Thomas Phillipps (1792-1872), his no. 3371; Sir Leicester Harmsworth (1870-1937). DIDB record: 18590. Binding: Half bound in 19th century red tanned sheepskin, with light brown machine made plain paper sides over paper boards; spine title and text block edges are gilt; bound by Lewis.</subfield
    ></datafield
  ><datafield ind1=' ' ind2=' ' tag='590'
  ><subfield code='a'
    >A digital surrogate of Ransom Center copy MS 3327, Container 116 is available through the Digital Scriptorium.</subfield
    ></datafield
  ><datafield ind1=' ' ind2='7' tag='655'
  ><subfield code='a'
    >Illuminated manuscripts.</subfield
    ><subfield code='2'
    >aat</subfield
    ></datafield
  ><datafield ind1=' ' ind2='7' tag='655'
  ><subfield code='a'
    >Sermons.</subfield
    ><subfield code='2'
    >rbgenr</subfield
    ></datafield
  ><datafield ind1='1' ind2=' ' tag='790'
  ><subfield code='a'
    >Celotti, Luigi, approximately 1768-approximately 1846,</subfield
    ><subfield code='e'
    >former owner.</subfield
    ></datafield
  ><datafield ind1='1' ind2=' ' tag='790'
  ><subfield code='a'
    >Drury, Henry, 1778-1841,</subfield
    ><subfield code='e'
    >former owner.</subfield
    ></datafield
  ><datafield ind1='1' ind2=' ' tag='790'
  ><subfield code='a'
    >Phillipps, Thomas, Sir, 1792-1872,</subfield
    ><subfield code='e'
    >former owner.</subfield
    ></datafield
  ><datafield ind1='1' ind2=' ' tag='790'
  ><subfield code='a'
    >Harmsworth, R. Leicester (Robert Leicester), Sir, 1870-1937,</subfield
    ><subfield code='e'
    >former owner.</subfield
    ></datafield
  ><datafield ind1='2' ind2=' ' tag='791'
  ><subfield code='a'
    >Medieval and Early Modern Manuscripts Collection.</subfield
    ></datafield
  ><datafield ind1=' ' ind2=' ' tag='752'
  ><subfield code='a'
    >Italy,</subfield
    ><subfield code='e'
    >producation place.</subfield
    ></datafield
  ><datafield ind1='4' ind2='0' tag='856'
  ><subfield code='u'
    >http://ds.lib.berkeley.edu/HRC116_37</subfield
    ><subfield code='y'
    >Digital copy for MS 3327, Container 116</subfield
    ></datafield
  ><datafield ind1=' ' ind2=' ' tag='994'
  ><subfield code='a'
    >C0</subfield
    ><subfield code='b'
    >HRH</subfield
    ></datafield
  ></record
>